@article{hall2013rethinking,
  title={Rethinking Abstractions for Big Data: Why, Where, How, and What},
  author={Hall, Mary and Kirby, Robert M and Li, Feifei and Meyer, Miriah and Pascucci, Valerio and Phillips, Jeff M and Ricci, Rob and Van der Merwe, Jacobus and Venkatasubramanian, Suresh},
  journal={arXiv preprint arXiv:1306.3295},
  year={2013}
}

@inproceedings{thatyene2011watershed,
  title={Watershed: A high performance distributed stream processing system},
  author={de Souza Ramos, Thatyene Louise Alves and Oliveira, Rodrigo Silva and de Carvalho, Ana Paula and Ferreira, Renato Ant{\^o}nio Celso and Meira, W},
  booktitle={Computer Architecture and High Performance Computing (SBAC-PAD), 2011 23rd International Symposium on},
  pages={191--198},
  year={2011},
  organization={IEEE}
}

@article{stephens1997survey,
  title={A survey of stream processing},
  author={Stephens, Robert},
  journal={Acta Informatica},
  volume={34},
  number={7},
  pages={491--541},
  year={1997},
  publisher={Springer}
}

@inproceedings{neumeyer2010s4,
  title={S4: Distributed stream computing platform},
  author={Neumeyer, Leonardo and Robbins, Bruce and Nair, Anish and Kesari, Anand},
  booktitle={Data Mining Workshops (ICDMW), 2010 IEEE International Conference on},
  pages={170--177},
  year={2010},
  organization={IEEE}
}

@inproceedings{amini2006spc,
  title={SPC: A distributed, scalable platform for data mining},
  author={Amini, Lisa and Andrade, Henrique and Bhagwan, Ranjita and Eskesen, Frank and King, Richard and Selo, Philippe and Park, Yoonho and Venkatramani, Chitra},
  booktitle={Proceedings of the 4th international workshop on Data mining standards, services and platforms},
  pages={27--37},
  year={2006},
  organization={ACM}
}

@article{dean2008mapreduce,
  title={MapReduce: simplified data processing on large clusters},
  author={Dean, Jeffrey and Ghemawat, Sanjay},
  journal={Communications of the ACM},
  volume={51},
  number={1},
  pages={107--113},
  year={2008},
  publisher={ACM}
}

@inproceedings{gedik2008spade,
  title={SPADE: the system s declarative stream processing engine},
  author={Gedik, Bugra and Andrade, Henrique and Wu, Kun-Lung and Yu, Philip S and Doo, Myungcheol},
  booktitle={Proceedings of the 2008 ACM SIGMOD international conference on Management of data},
  pages={1123--1134},
  year={2008},
  organization={ACM}
}

@article{stonebraker2005requirements,
  title={The 8 requirements of real-time stream processing},
  author={Stonebraker, Michael and {\c{C}}etintemel, Ugur and Zdonik, Stan},
  journal={ACM SIGMOD Record},
  volume={34},
  number={4},
  pages={42--47},
  year={2005},
  publisher={ACM}
}

@inproceedings{zaharia2012discretized,
  title={Discretized streams: an efficient and fault-tolerant model for stream processing on large clusters},
  author={Zaharia, Matei and Das, Tathagata and Li, Haoyuan and Shenker, Scott and Stoica, Ion},
  booktitle={Proceedings of the 4th USENIX conference on Hot Topics in Cloud Ccomputing},
  pages={10--10},
  year={2012},
  organization={USENIX Association}
}

@inproceedings{zaharia2010spark,
  title={Spark: cluster computing with working sets},
  author={Zaharia, Matei and Chowdhury, Mosharaf and Franklin, Michael J and Shenker, Scott and Stoica, Ion},
  booktitle={Proceedings of the 2nd USENIX conference on Hot topics in cloud computing},
  pages={10--10},
  year={2010}
}
